@book{Strang,
  address = {Massachusetts Institute of Technology},
  author = {Strang, Gilbert},
  biburl = {https://ocw.mit.edu/resources/res-18-001-calculus-online-textbook-spring-2005/#},
  isbn = {0961408820},
  keywords = {Calculus textbook},
  publisher = {MIT OpenCourseWare, https://ocw.mit.edu},
  timestamp = {2015-07-14T12:03:34.000+0200},
  title = {RES.18-001 Calculus Online Textbook},
  year = 2005
}
